@BOOK{Froehlich:2001,
  AUTHOR = {Ant{\^{o}}nio Augusto Fr{\"{o}}hlich},
  TITLE = {Application-Oriented Operating Systems},
  PUBLISHER = {GMD - Forschungszentrum Informationstechnik},
  YEAR = 2001,
  NUMBER = 17,
  SERIES = {GMD Research Series},
  ADDRESS = {Sankt Augustin},
  MONTH = AUG
}

@article{Gracioli:2013a,
 author = {Gracioli, G. and Fr{\"{o}}hlich, A.~A. and Pellizzoni, R. and Fischmeister, S.},
 title = {Implementation and Evaluation of Global and Partitioned Scheduling in a Real-Time {O}{S}},
 journal = {Real-Time Systems},
 year = {2013},
 numpages = {48},
 volume={49},
 number={6},
 issn = {1573-1383},
 publisher={Springer US},
}

@ONLINE{epos,
author = {EPOS},
title = {Website},
month = {Jul},
year = {2016},
url = {http://epos.lisha.ufsc.br}
}


@article{RM:Liu:1973,
 author = {Liu, C. L. and Layland, James W.},
 title = {Scheduling Algorithms for Multiprogramming in a Hard-Real-Time Environment},
 journal = {J. ACM},
 issue_date = {Jan. 1973},
 volume = {20},
 number = {1},
 month = jan,
 year = {1973},
 issn = {0004-5411},
 pages = {46--61},
 numpages = {16},
 acmid = {321743},
 publisher = {ACM},
 address = {New York, NY, USA},
} 

@book{Liu:2000,
 author = {Liu, J.},
 title = {Real-Time Systems},
 year = {2000},
 isbn = {0130996513},
 edition = {1st},
 publisher = {Prentice Hall PTR},
 address = {Upper Saddle River, NJ, USA},
}

@book{Buttazzo:2011,
 author = {Buttazzo, Giorgio C.},
 title = {Hard Real-Time Computing Systems: Predictable Scheduling Algorithms 
and Applications},
 year = {2011},
 isbn = {1461406757, 9781461406754},
 edition = {3rd},
 publisher = {Springer Publishing Company, Incorporated},
} 

@INPROCEEDINGS{Biondi:2016,
author={Alessandro Biondi and Bj{\"{o}}rn B. Brandenburg}, 
booktitle={Proc. of the ECRTS 2016}, 
title={Lightweight Real-Time Synchronization under P-EDF
on Symmetric and Asymmetric Multiprocessors},
year={2016},
pages={1-11},
}

@INPROCEEDINGS{Yang:2015, 
author={M. Yang and A. Wieder and B. B. Brandenburg}, 
booktitle={Real-Time Systems Symposium, 2015 IEEE}, 
title={Global Real-Time Semaphore Protocols: A Survey, Unified Analysis, and 
Comparison}, 
year={2015}, 
pages={1-12},
doi={10.1109/RTSS.2015.8}, 
ISSN={1052-8725}, 
month={Dec},
}

@ONLINE{Jones:1997,
author = {Mike Jones},
title = {What really happened on Mars?},
month = {Dec},
year = {1997},
url = 
{
http://research.microsoft.com/en-us/um/people/mbj/Mars_Pathfinder/Mars_Pathfinde 
r.html}
}

@ONLINE{Reeves:1997,
author = {Glenn E. Reeves},
title = {What really happened on Mars?},
month = {Dec},
year = {1997},
url = 
{
http://research.microsoft.com/en-us/um/people/mbj/Mars_Pathfinder/Authoritative_
Account.html}
}

@incollection{Dijkstra:1968,
   author = "Edsger W. Dijkstra",
   title = "Cooperating sequential processes",
   year = "1968",
   booktitle = "Programming Languages: NATO Advanced Study Institute",
   editor = "F. Genuys ",
   publisher = "Academic Press",
   pages = {43--112}
}

@ONLINE{schedcat,
title = {SchedCAT: Schedulability test collection and toolkit},
month = {Jul},
year = {2016},
url = {http://www.mpi-sws.org/âˆ¼bbb/projects/schedcat}
}

@ONLINE{freertos,
title = {FreeRTOS web-site},
month = {Jul},
year = {2016},
url = {http://www.freertos.org/}
}

@INPROCEEDINGS{Wang:2011, 
author={Q. Wang and J. Song and G. Parmer}, 
booktitle={Real-Time Systems Symposium (RTSS), 2011 IEEE 32nd}, 
title={Execution Stack Management for Hard Real-Time Computation in a 
Component-Based OS}, 
year={2011}, 
pages={78-89},
ISSN={1052-8725}, 
month={Nov},
}

@INPROCEEDINGS{Spliet:2014, 
author={R. Spliet and M. Vanga and B. B. Brandenburg and S. Dziadek}, 
booktitle={Real-Time Systems Symposium (RTSS), 2014 IEEE}, 
title={Fast on Average, Predictable in the Worst Case: Exploring Real-Time 
Futexes in LITMUSRT}, 
year={2014}, 
pages={96-105},
ISSN={1052-8725}, 
month={Dec},
}

@ARTICLE{Sha:1990, 
author={L. Sha and R. Rajkumar and J. P. Lehoczky}, 
journal={IEEE Transactions on Computers}, 
title={Priority inheritance protocols: an approach to real-time 
synchronization}, 
year={1990}, 
volume={39}, 
number={9}, 
pages={1175-1185},
ISSN={0018-9340}, 
month={Sep},
}

@article{Baker:1991,
 author = {Baker, T. P.},
 title = {Stack-based Scheduling for Realtime Processes},
 journal = {Real-Time Syst.},
 issue_date = {March 1991},
 volume = {3},
 number = {1},
 month = apr,
 year = {1991},
 issn = {0922-6443},
 pages = {67--99},
 numpages = {33},
 acmid = {113601},
 publisher = {Kluwer Academic Publishers},
 address = {Norwell, MA, USA},
} 

@inproceedings{Brandenburg:2008,
 author = {Brandenburg, Bj\"{o}rn B. and Anderson, James H.},
 title = {An Implementation of the PCP, SRP, D-PCP, M-PCP, and FMLP Real-Time 
Synchronization Protocols in LITMUSRT},
 booktitle = {Proceedings of the 2008 14th IEEE International Conference on 
Embedded and Real-Time Computing Systems and Applications},
 series = {RTCSA '08},
 year = {2008},
 isbn = {978-0-7695-3349-0},
 pages = {185--194},
 numpages = {10},
 acmid = {1438559},
 publisher = {IEEE Computer Society},
 address = {Washington, DC, USA},
} 

@inproceedings{Inam:2011,
author = {Rafia Inam and Jukka M{\"a}ki-Turja and Mikael Sj{\"o}din and Moris 
Behnam},
title = {Hard Real-time Support for Hierarchical Scheduling in FreeRTOS},
pages = {51--60},
month = {July},
year = {2011},
booktitle = {7th annual workshop on Operating Systems Platforms for Embedded 
Real-Time Applications (OSPERT 11)},
}

@inproceedings{Liedtke:1995,
 author = {Liedtke, J.},
 title = {On Micro-kernel Construction},
 booktitle = {Proceedings of the Fifteenth ACM Symposium on Operating Systems 
Principles},
 series = {SOSP '95},
 year = {1995},
 isbn = {0-89791-715-4},
 location = {Copper Mountain, Colorado, USA},
 pages = {237--250},
 numpages = {14},
 acmid = {224075},
 publisher = {ACM},
 address = {New York, NY, USA},
} 

@INPROCEEDINGS{Burns:2013, 
author={A. Burns and A. J. Wellings}, 
booktitle={2013 25th Euromicro Conference on Real-Time Systems}, 
title={A Schedulability Compatible Multiprocessor Resource Sharing Protocol -- 
MrsP}, 
year={2013}, 
pages={282-291}, 
ISSN={1068-3070}, 
month={July},
}

@INPROCEEDINGS{Rajkumar:1990, 
author={R. Rajkumar}, 
booktitle={Proceedings of the 10th International Conference on Distributed 
Computing Systems, 1990}, 
title={Real-time synchronization protocols for shared memory multiprocessors}, 
year={1990}, 
pages={116-123},
month={May},
}

@INPROCEEDINGS{Easwaran:2009, 
author={A. Easwaran and B. Andersson}, 
booktitle={30th IEEE Real-Time Systems Symposium, 2009, RTSS 2009.}, 
title={Resource Sharing in Global Fixed-Priority Preemptive Multiprocessor 
Scheduling}, 
year={2009}, 
pages={377-386}, 
ISSN={1052-8725}, 
month={Dec},
}

@INPROCEEDINGS{Block:2007, 
author={A. Block and H. Leontyev and B. B. Brandenburg and J. H. Anderson}, 
booktitle={13th IEEE International Conference on Embedded and Real-Time 
Computing Systems and Applications (RTCSA 2007)}, 
title={A Flexible Real-Time Locking Protocol for Multiprocessors}, 
year={2007}, 
pages={47-56}, 
ISSN={2325-1271}, 
month={Aug},
}

@INPROCEEDINGS{Lee:2003, 
author={Jae-Ho Lee and Heung-Nam Kim}, 
booktitle={IEEE Workshop on Software Technologies for Future Embedded Systems, 
2003}, 
title={Implementing priority inheritance semaphore on uC/OS real-time kernel}, 
year={2003}, 
pages={83-86},
month={May},
}

@INPROCEEDINGS{Akgul:2003, 
author={B. E. S. Akgul and V. J. Mooney III and H. Thane and P. Kuacharoen}, 
booktitle={24th IEEE Real-Time Systems Symposium, 2003. RTSS 2003}, 
title={Hardware support for priority inheritance}, 
year={2003}, 
pages={246-255}, 
month={Dec},
}

@Inbook{Marcondes:2009,
author="Marcondes, Hugo and Fr{\"o}hlich, Ant{\^o}nio Augusto",
title="A Hybrid Hardware and Software Component Architecture for Embedded System 
Design",
bookTitle="Analysis, Architectures and Modelling of Embedded Systems: Third IFIP 
TC 10 International Embedded Systems Symposium, IESS 2009, Langenargen, Germany, 
September 14-16, 2009. Proceedings",
year="2009",
publisher="Springer Berlin Heidelberg",
address="Berlin, Heidelberg",
pages="259--270",
isbn="978-3-642-04284-3",
}
